<?xml version="1.0" encoding="UTF-8"?>
<record xmlns="http://www.loc.gov/MARC21/slim" xmlns:xsi="http://www.w3.org/2001/XMLSchema-instance" xsi:schemaLocation="http://www.loc.gov/MARC21/slim http://www.loc.gov/standards/marcxml/schema/MARC21slim.xsd">
<leader>     cam a2200301 a 4500</leader>
<controlfield tag="001">001685764</controlfield>
<controlfield tag="003">NNU</controlfield>
<controlfield tag="005">20061010173309.0</controlfield>
<controlfield tag="008">000704s1925    ae            000 0 ara</controlfield>
<datafield tag="010" ind1=" " ind2=" ">
<subfield code="a">73200296</subfield>
</datafield>
<datafield tag="035" ind1="9" ind2=" ">
<subfield code="a">NYUb12229205</subfield>
</datafield>
<datafield tag="035" ind1=" " ind2=" ">
<subfield code="a">(NNU)NYUb12229205</subfield>
</datafield>
<datafield tag="040" ind1=" " ind2=" ">
<subfield code="a">DLC</subfield>
<subfield code="c">DLC</subfield>
<subfield code="d">MH</subfield>
<subfield code="d">CStRLIN</subfield>
<subfield code="d">UaCaAUL</subfield>
</datafield>
<datafield tag="066" ind1=" " ind2=" ">
<subfield code="c">(3</subfield>
</datafield>
<datafield tag="090" ind1=" " ind2=" ">
<subfield code="a">PJ7696</subfield>
<subfield code="b">.A46 1925</subfield>
</datafield>
<datafield tag="100" ind1="0" ind2=" ">
<subfield code="a">ʻAlqamah ibn ʻAbadah,</subfield>
<subfield code="d">6th cent.</subfield>
<subfield code="6">880-01</subfield>
</datafield>
<datafield tag="245" ind1="1" ind2="0">
<subfield code="6">880-02</subfield>
<subfield code="a">Sharḥ dīwān ʻAlqamah ibn ʻAbdah al-Tamīmī al-mashhūr bi-ʻAlqamah al-faḥl /</subfield>
<subfield code="c">li-Abī al-Ḥajjāj Yūsuf ibn Sulaymān ibn ʻĪsá al-maʻrūf bi-al-Aʻlam al-Shantamrī ; iʻtaná bi-taṣḥīḥihi ibn Abī Shanab. wa-yalīh jumlah mimmā lam yudhkar min shiʻrihi fī hādhā al-sharḥ.</subfield>
</datafield>
<datafield tag="246" ind1="1" ind2="5">
<subfield code="a">ʻAlqama ben ʻAbada dīwān</subfield>
</datafield>
<datafield tag="260" ind1=" " ind2=" ">
<subfield code="a">Alger :</subfield>
<subfield code="b">Jules Carbonel,</subfield>
<subfield code="c">1925.</subfield>
</datafield>
<datafield tag="300" ind1=" " ind2=" ">
<subfield code="a">196 p. ;</subfield>
<subfield code="c">19 cm.</subfield>
</datafield>
<datafield tag="490" ind1="1" ind2=" ">
<subfield code="a">Bibliotheca Arabica</subfield>
</datafield>
<datafield tag="500" ind1=" " ind2=" ">
<subfield code="a">Title on added T.p.: ʻAlqama ben ʻAbada dīwān.</subfield>
</datafield>
<datafield tag="500" ind1=" " ind2=" ">
<subfield code="a">At head of title: Fuḥūl al-ʻArab fī ʻilm al-adab.</subfield>
</datafield>
<datafield tag="700" ind1="1" ind2="2">
<subfield code="6">880-03</subfield>
<subfield code="a">Shantamrī, Yūsuf bin Sulaymān,</subfield>
<subfield code="d">1019 or 20-1083 or 4.</subfield>
</datafield>
<datafield tag="880" ind1="0" ind2=" ">
<subfield code="6">100-01/</subfield>
<subfield code="a">علقمه بن عبده،</subfield>
<subfield code="d">cent th6.</subfield>
</datafield>
<datafield tag="880" ind1="1" ind2="0">
<subfield code="6">245-02/</subfield>
<subfield code="a">شرح ديوان علقمه بن عبده التميمي المشهور بعلقمة الفحل /</subfield>
<subfield code="c">لأبي الحجاج يوسف بن سليمان بن عيسى المعروف بالأعلم الشنتمري ؛ اعتنى بتصحيحه ابن أبي شنب. ويليه جملة مما لم يذكر من شعره في هذا الشرح.</subfield>
</datafield>
<datafield tag="880" ind1="1" ind2="2">
<subfield code="6">700-03/</subfield>
<subfield code="a">شنتمري، يوسف بن سليمان،</subfield>
<subfield code="d">4 or 1083-20 or 1019.</subfield>
</datafield>
<datafield tag="830" ind1=" " ind2="0">
<subfield code="a">Maktabah al-ʻArabīyah (Cairo, Egypt)</subfield>
</datafield>
<datafield tag="OWN" ind1=" " ind2=" ">
<subfield code="a">GENERAL</subfield>
</datafield>
<datafield tag="998" ind1=" " ind2=" ">
<subfield code="a">20010429</subfield>
<subfield code="d">20010429</subfield>
<subfield code="d">20010925</subfield>
<subfield code="n">NNU</subfield>
<subfield code="s">6</subfield>
<subfield code="t">c</subfield>
<subfield code="z">p</subfield>
</datafield>
<datafield tag="AVA" ind1=" " ind2=" ">
<subfield code="a">NYU50</subfield>
<subfield code="b">BOBST</subfield>
<subfield code="c">Main Collection</subfield>
<subfield code="d">PJ7696 .A46 1925</subfield>
<subfield code="e">unavailable</subfield>
<subfield code="t">Unavailable</subfield>
<subfield code="f">1</subfield>
<subfield code="g">1</subfield>
<subfield code="h">N</subfield>
<subfield code="i">0</subfield>
<subfield code="j">MAIN</subfield>
</datafield>
</record>
